@article{Guidotti2018,
    author = {Guidotti, Riccardo and Monreale, Anna and Ruggieri, Salvatore},
    file = {:C$\backslash$:/Users/mmont/Downloads/guidotti2018.pdf:pdf},
    mendeley-groups = {KES},
    number = {5},
    title = {{A Survey of Methods for Explaining Black Box Models}},
    volume = {51},
    year = {2018}
}

@article{Arya,
archivePrefix = {arXiv},
arxivId = {arXiv:1909.03012v2},
author = {Arya, Vijay and Bellamy, Rachel K E and Chen, Pin-yu and Dhurandhar, Amit and Hind, Michael and Hoffman, Samuel C and Houde, Stephanie and Liao, Q Vera and Luss, Ronny and Mojsilovi{\'{c}}, Aleksandra and Mourad, Sami and Pedemonte, Pablo and Raghavendra, Ramya and Richards, John and Sattigeri, Prasanna and Shanmugam, Karthikeyan and Singh, Moninder and Varshney, Kush R and Wei, Dennis and Zhang, Yunfeng},
eprint = {arXiv:1909.03012v2},
file = {:C$\backslash$:/Users/mmont/Downloads/1909.03012.pdf:pdf},
mendeley-groups = {KES},
title = {{One Explanation Does Not Fit All : A Toolkit and Taxonomy of AI Explainability Techniques}}
}

@article{Doshi-velez2017,
archivePrefix = {arXiv},
arxivId = {arXiv:1702.08608v2},
author = {Doshi-velez, Finale and Kim, Been},
eprint = {arXiv:1702.08608v2},
file = {:C$\backslash$:/Users/mmont/Downloads/1702.08608 (1).pdf:pdf},
mendeley-groups = {KES},
number = {Ml},
pages = {1--13},
title = {{Towards A Rigorous Science of Interpretable Machine Learning}},
year = {2017}
}


@article{Cercone1987,
author = {Cercone, Nick and McCalla, Gordon},
doi = {10.1007/978-1-4612-4792-0_1},
file = {:C$\backslash$:/Users/mmont/AppData/Local/Mendeley Ltd./Mendeley Desktop/Downloaded/Cercone, McCalla - 1987 - What Is Knowledge Representation.pdf:pdf},
journal = {The Knowledge Frontier},
mendeley-groups = {Knowledge Representation,KES},
number = {1},
pages = {1--43},
title = {{What Is Knowledge Representation?}},
volume = {14},
year = {1987}
}

@article{Freitas,
author = {Freitas, Alex A},
file = {:C$\backslash$:/Users/mmont/Downloads/2594473.2594475.pdf:pdf},
keywords = {bayesian network classifiers,decision table,decision tree,monotonicity constraint,nearest neighbors,rule induction},
mendeley-groups = {KES},
number = {1},
pages = {1--10},
title = {{Comprehensible Classification Models â€“ a position paper}},
volume = {15}
}

@misc{tan2006introduction,
  title={Introduction to Data Mining},
  author={Tan, Pang-Ning and Steinbach, Michael and Kumar, Vipin},
  year={2006},
  publisher={Pearson}
}

@article{romei2014multidisciplinary,
  title={A multidisciplinary survey on discrimination analysis},
  author={Romei, Andrea and Ruggieri, Salvatore},
  journal={The Knowledge Engineering Review},
  volume={29},
  number={5},
  pages={582--638},
  year={2014},
  publisher={Cambridge University Press}
}

@article{aldeen2015comprehensive,
  title={A comprehensive review on privacy preserving data mining},
  author={Aldeen, Yousra Abdul Alsahib S and Salleh, Mazleena and Razzaque, Mohammad Abdur},
  journal={SpringerPlus},
  volume={4},
  number={1},
  pages={694},
  year={2015},
  publisher={Springer}
}

@article{Andrews1995,
    author = {Andrews, Robert and Diederich, Joachim and Tickle, Alan B.},
    doi = {10.1016/0950-7051(96)81920-4},
    file = {:C$\backslash$:/Users/mmont/AppData/Local/Mendeley Ltd./Mendeley Desktop/Downloaded/Andrews, Diederich, Tickle - 1995 - Survey and critique of techniques for extracting rules from trained artificial neural networks.pdf:pdf},
    issn = {09507051},
    journal = {Knowledge-Based Systems},
    keywords = {fuzzy neural networks,inferencing,knowledge insertion,rule extraction,rule refinement},
    mendeley-groups = {Surveys},
    number = {6},
    pages = {373--389},
    title = {{Survey and critique of techniques for extracting rules from trained artificial neural networks}},
    volume = {8},
    year = {1995}
}